34100000         201486546000167                    00749 000000055500 0NOME DA EMPRESA               BANCO ITAU SA                           11111200916:11:00003104000000                                                      000            
34100011R0100030 2001486546000167                    00749 000000055500  NOME DA EMPRESA                                                                                               000000311111200911112009                                 
3410001300001P 01 00749 000000055500 000                 0000011111          3012200900000000000000000000002N21102009030122009000000000000000000000000000000000000000000000000000000000000000000000001000000000000000009546130010000000000000000
3410001300002Q 012000000000000000NOME DO CLIENTE                         Sitio Sa Maria                                         37120000CIDADE         UF1000000000000000                                        000                            
34100015         0000040000000000000000000000000000000000000000000000000000000000000000000000000000000000000000000000000000                                                                                                                     
34199999         000001000006000000                                                                                                                                                                                                             
